@article{pinero2019different,
  title={A different gut microbiome linked to inflammation found in cirrhotic patients with and without hepatocellular carcinoma},
  author={Pi{\~n}ero, Federico and Vazquez, Mart{\'\i}n and Bar{\'e}, Patricia and Rohr, Cristian and Mendizabal, Manuel and Sciara, Mariela and Alonso, Cristina and Fay, Fabi{\'a}n and Silva, Marcelo},
  journal={Annals of hepatology},
  year={2019},
  publisher={Elsevier}
}

@article{pirola2018rare,
  title={A rare nonsense mutation in the glucokinase regulator gene is associated with a rapidly progressive clinical form of nonalcoholic steatohepatitis},
  author={Pirola, Carlos J and Flichman, Diego and Dopazo, Hern{\'a}n and Fern{\'a}ndez Gianotti, Tomas and San Martino, Julio and Rohr, Cristian and Garaycoechea, Martin and Gazzi, Carla and Casta{\~n}o, Gustavo O and Sookoian, Silvia},
  journal={Hepatology communications},
  volume={2},
  number={9},
  pages={1030--1036},
  year={2018}
}

@article{gosso2018exome,
  title={Exome-first approach identified novel INDELs and gene deletions in Mowat-Wilson Syndrome patients},
  author={Gosso, Maria Florencia and Rohr, Cristian and Brun, Bianca and Mejico, Guadalupe and Madeira, Fernanda and Fay, Fabian and Klurfan, Melina and Vazquez, Martin},
  journal={Human genome variation},
  volume={5},
  year={2018},
  publisher={Nature Publishing Group}
}


@article{sookoian2017genetic,
  title={Genetic variation in long noncoding RNAs and the risk of nonalcoholic fatty liver disease},
  author={Sookoian, Silvia and Rohr, Cristian and Salatino, Adri{\'a}n and Dopazo, Hern{\'a}n and Gianotti, Tomas Fernandez and Casta{\~n}o, Gustavo O and Pirola, Carlos J},
  journal={Oncotarget},
  volume={8},
  number={14},
  pages={22917},
  year={2017},
  publisher={Impact Journals, LLC}
}

@article{pinero2017case,
  title={Case-control study highlights a different gut microbiome in cirrhotic patients with and without hepatocellular carcinoma},
  author={Pi{\~n}ero, Federico and Vazquez, Martin P and Bare, Patricia and Rohr, Cristian and Mendizabal, Manuel and Sciara, Mariela and Alonso, Cristina and Fay, Fabian and Silva, Marcelo},
  journal={bioRxiv},
  pages={125575},
  year={2017},
  publisher={Cold Spring Harbor Laboratory}
}

@article{pirola2015mitochondrial,
  title={mitochondrial Mutator-phenotype May Be Related to Pathogenesis of Nonalcoholic Fatty Liver Disease: Insights from Deep Sequencing of Liver Mitochondrial Genomes: 2217},
  author={Pirola, Carlos J and Scian, Romina and Rohr, Cristian O and Dopazo, Hern{\'a}n and Casta{\~n}o, Gustavo O and Sookoian, Silvia},
  journal={Hepatology},
  volume={62},
  pages={1288A},
  year={2015},
  publisher={Hepatology}
}

@article{sookoian2016serum,
  title={Serum aminotransferases in nonalcoholic fatty liver disease are a signature of liver metabolic perturbations at the amino acid and Krebs cycle level, 2},
  author={Sookoian, Silvia and Casta{\~n}o, Gustavo O and Scian, Romina and Fern{\'a}ndez Gianotti, Tomas and Dopazo, Hern{\'a}n and Rohr, Cristian and Gaj, Graciela and San Martino, Julio and Sevic, Ina and Flichman, Diego and others},
  journal={The American journal of clinical nutrition},
  volume={103},
  number={2},
  pages={422--434},
  year={2016},
  publisher={Oxford University Press}
}

@article{monzon2016codnas,
  title={CoDNaS 2.0: a comprehensive database of protein conformational diversity in the native state},
  author={Monzon, Alexander Miguel and Rohr, Cristian Oscar and Fornasari, Mar{\'\i}a Silvina and Parisi, Gustavo},
  journal={Database},
  volume={2016},
  year={2016},
  publisher={Oxford University Press}
}

@article{parra2015insect,
  title={INSECT 2.0: a web-server for genome-wide cis-regulatory modules prediction},
  author={Parra, R Gonzalo and Rohr, Cristian O and Koile, Daniel and Perez-Castro, Carolina and Yankilevich, Patricio},
  journal={Bioinformatics},
  volume={32},
  number={8},
  pages={1229--1231},
  year={2015},
  publisher={Oxford University Press}
}

@article{sookoian2016mitochondrial,
  title={Mitochondrial genome architecture in non-alcoholic fatty liver disease},
  author={Sookoian, Silvia and Flichman, Diego and Scian, Romina and Rohr, Cristian and Dopazo, Hern{\'a}n and Gianotti, Tomas Fern{\'a}ndez and Martino, Julio San and Casta{\~n}o, Gustavo O and Pirola, Carlos J},
  journal={The Journal of pathology},
  volume={240},
  number={4},
  pages={437--449},
  year={2016},
  publisher={John Wiley \& Sons, Ltd Chichester, UK}
}

@article{pirola2015epigenetic,
  title={Epigenetic Modifications in the Biology of Nonalcoholic Fatty Liver Disease: The Role of DNA Hydroxymethylation and TET Proteins},
  author={Pirola CJ, Scian R, Gianotti TF, Dopazo H, Rohr C, Martino JS, Casta{\~n}o GO, Sookoian S},
  journal={Medicine (Baltimore)},
  volume={94},
  number={36},
  pages={e1480},
  year={2015}
}

@article{pirola2014variants,
  title={variants in Long non-coding Rnas lncrnas-genomic Regions may Contribute to Nonalcoholic Fatty Liver Disease Severity},
  author={Pirola, Carlos J and Gianotti, Tomas Fern{\'a}ndez and Dopazo, Hern{\'a}n and Rohr, Cristian and Casta{\~n}o, Gustavo O and Sookoian, Silvia},
  journal={Hepatology},
  volume={60},
  pages={305A},
  year={2014},
  publisher={Hepatology}
}

@article{rohr2013first,
  title={A first insight into Pycnoporus sanguineus BAFC 2126 transcriptome},
  author={Rohr, Cristian O and Levin, Laura N and Mentaberry, Alejandro N and Wirth, Sonia A},
  journal={PloS one},
  volume={8},
  number={12},
  pages={e81033},
  year={2013},
  publisher={Public Library of Science}
}

@article{rohr2013insect,
  title={INSECT: IN-silico SEarch for Co-occurring Transcription factors},
  author={Rohr, Cristian O and Parra, R Gonzalo and Yankilevich, Patricio and Perez-Castro, Carolina},
  journal={Bioinformatics},
  volume={29},
  number={22},
  pages={2852--2858},
  year={2013},
  publisher={Oxford University Press}
}



@inproceedings{rohrdevelopment,
  title={Development of a bioinformatics strategy to search for genes involved in specific metabolic pathways: The case of ESCs},
  author={Rohr, Cristian and Parra, Gonzalo},
  booktitle={2{\textordmasculine} CONGRESO ARGENTINO DE BIOINFORM{\'A}TICA Y BIOLOG{\'I}A COMPUTACIONAL},
  pages={53}
}

@inproceedings{sookoian2017search,
  title={Search for Rare Mutations in Metabolic Pathways Associated with Nonalcoholic Fatty Liver Disease: The role of Glucokinase regulator (GCKR) Sequence Variation},
  author={Sookoian, Silvia C and Gianotti, Tomas Fernandez and Dopazo, Hernan and Rohr, Cristian O and Castano, Gustavo O and Pirola, Carlos J},
  booktitle={HEPATOLOGY},
  volume={66},
  pages={1141A--1142A},
  year={2017},
  organization={WILEY 111 RIVER ST, HOBOKEN 07030-5774, NJ USA}
}


@article{pirola2014novel,
  title={a Novel Epigenetic Landscape in the Biology of Nonalcoholic Fatty Liver Disease: The role of 5-hydroxymethylcytosine and Sequence Variation in Ten-eleven Translocation Family of Proteins: 215},
  author={Pirola, Carlos J and Gianotti, Tomas Fern{\'a}ndez and Dopazo, Hern{\'a}n and Rohr, Cristian and Casta{\~n}o, Gustavo O and Sookoian, Silvia},
  journal={Hepatology},
  volume={60},
  pages={306A--307A},
  year={2014},
  publisher={Hepatology}
}




